../../vignettes/ADaCGH2.bib